%% http://www.net.t-labs.tu-berlin.de/~petr/ADC-07/papers/DLS88.pdf
@article{Dwork:1988dr,
author = {Dwork, Cynthia and Lynch, Nancy A and Stockmeyer, Larry},
title = {Consensus in the presence of partial synchrony},
journal = {Journal of the ACM},
year = {1988},
volume = {35},
number = {2},
pages = {288--323},
month = apr,
doi = {10.1145/42282.42283}
}
